@Article{taxonomy,
 	author = {Nizar R. Mabroukeh and C. I. Ezeife},
	sortname = {Mabroukeh},
 	title = {A Taxonomy of Sequential Pattern Mining Algorithms},
 	journaltitle  = {ACM Computing Surveys},
 	volume = {43},
	number = {1},
 	date  = {2010},
 	pages	 = {3:1-3:41}
}

@Book{fahrmeir:statistik,
	author = {L. Fahrmeir and R. K\"{u}nstler and I. Pigeot and G. Tutz},
	sortname = {Fahrmeir},
 	title = {Statistik - Der Weg zur Datenanalyse},
	publisher = {Springer},
	location = {Heidelberg},
	date = {2003},
	edition = {4., verb. Aufl.},
}

@Manual{r,
	title = {R: A Language and Environment for Statistical Computing},
	author = {R Development Core Team},
	sortname = {R},
 	organization = {R Foundation for Statistical Computing},
	location = {Vienna, Austria},
	year = {2012},
	note = {{ISBN} 3-900051-07-0},
	url = {http://www.R-project.org/},
}

@misc{wiki:nachweisgrenze,
	author = {Wikipedia},
	title = {Nachweisgrenze},
	date = {2012-03-22},
	url = {http://de.wikipedia.org/wiki/Nachweisgrenze},
}

@online{qd:unternehmensdarstellung,
	author = {QuoData},
	title = {Unternehmensdarstellung},
	date = {2012-03-22},
	url = {http://quodata.de/fileadmin/unternehmen/Unternehmensdarstellung/Unternehmensdarstellung\_de.pdf},
}

@online{tudortmund:hka,
	author = {J. Rahnenf\"{u}hrer},
	sortname = {Rahnenf\"{u}hrer},
	title = {Multivariate Verfahren},
	date = {2012-03-22},
	url ={http://www.statistik.tu-dortmund.de/fileadmin/user_upload/Lehrstuehle/Genetik/MV0809/Vorlesung20081106_2x.pdf},
}



	


